@article{Matteo_2018,
	author = {Matteo Pagliardini, Prakhar Gupta, Martin Jaggi},
	year = {2018},
	title = {Unsupervised Learning of Sentence Embeddings using Compositional n-Gram Features}, 
	journal = {NAACL 2018 - Conference of the North American Chapter of the Association for Computational Linguistics, pages 528-540},
	doi = {10.18653/v1/N18-1049 }
}

@article{Tobias_2014,
	author = {Tobias Kuhn, Matjaz Perc, and Dirk Helbing},
	year = {2014},
	title = {Inheritance Patterns in Citation Networks Reveal Scientific Memes}, 
	journal = {Phys. Rev. X 4 (2014) 041036},
	doi = {10.1103/PhysRevX.4.041036}
}

@Misc{wikipedia_bert,
	author = {},
	year = {},
	note = {\url{https://en.wikipedia.org/wiki/BERT_(language_model}},
	urldate = {},
	title = {}
}

@Misc{wikipedia_TFIDF,
	author = {},
	year = {},
	note = {\url{https://en.wikipedia.org/wiki/Tf%E2%80%93idf}},
	urldate = {},
	title = {}
}

@Misc{wikipedia_BM25,
	author = {},
	year = {},
	note = {\url{https://en.wikipedia.org/wiki/Okapi_BM25}},
	urldate = {},
	title = {}
}